% BibTeX references for Menorca Optimization Paper

@article{example2023,
    author = {Author, A.},
    title = {Example Article Title},
    journal = {Journal Name},
    year = {2023},
    volume = {1},
    pages = {1--10}
}

@book{example2022,
    author = {Smith, J.},
    title = {Book Title},
    publisher = {Publisher Name},
    year = {2022}
}
